@article{reiss2019deep,
  title={Deep ppg: Large-scale heart rate estimation with convolutional neural networks},
  author={Reiss, Attila and Indlekofer, Ina and Schmidt, Philip and Van Laerhoven, Kristof},
  journal={Sensors},
  volume={19},
  number={14},
  pages={3079},
  year={2019},
  publisher={Multidisciplinary Digital Publishing Institute}
}

@article{salehizadeh2016novel,
  title={A novel time-varying spectral filtering algorithm for reconstruction of motion artifact corrupted heart rate signals during intense physical activities using a wearable photoplethysmogram sensor},
  author={Salehizadeh, Seyed and Dao, Duy and Bolkhovsky, Jeffrey and Cho, Chae and Mendelson, Yitzhak and Chon, Ki H},
  journal={Sensors},
  volume={16},
  number={1},
  pages={10},
  year={2016},
  publisher={Multidisciplinary Digital Publishing Institute}
}

@article{brophy2020optimised,
  title={Optimised convolutional neural networks for heart rate estimation and human activity recognition in wrist worn sensing applications},
  author={Brophy, Eoin and Muehlhausen, Willie and Smeaton, Alan F and Ward, Tomas E},
  journal={arXiv preprint arXiv:2004.00505},
  year={2020}
}

@article{biswas2019cornet,
  title={CorNET: Deep learning framework for PPG-based heart rate estimation and biometric identification in ambulant environment},
  author={Biswas, Dwaipayan and Everson, Luke and Liu, Muqing and Panwar, Madhuri and Verhoef, Bram-Ernst and Patki, Shrishail and Kim, Chris H and Acharyya, Amit and Van Hoof, Chris and Konijnenburg, Mario and others},
  journal={IEEE transactions on biomedical circuits and systems},
  volume={13},
  number={2},
  pages={282--291},
  year={2019},
  publisher={IEEE}
}

@article{panwar2020pp,
  title={PP-Net: A Deep Learning Framework for PPG-Based Blood Pressure and Heart Rate Estimation},
  author={Panwar, Madhuri and Gautam, Arvind and Biswas, Dwaipayan and Acharyya, Amit},
  journal={IEEE Sensors Journal},
  volume={20},
  number={17},
  pages={10000--10011},
  year={2020},
  publisher={IEEE}
}

@article{chang2021deepheart,
  title={DeepHeart: A Deep Learning Approach for Accurate Heart Rate Estimation from PPG Signals},
  author={Chang, Xiangmao and Li, Gangkai and Xing, Guoliang and Zhu, Kun and Tu, Linlin},
  journal={ACM Transactions on Sensor Networks (TOSN)},
  volume={17},
  number={2},
  pages={1--18},
  year={2021},
  publisher={ACM New York, NY, USA}
}

@article{biswas2019heart,
  title={Heart rate estimation from wrist-worn photoplethysmography: A review},
  author={Biswas, Dwaipayan and Sim{\~o}es-Capela, Neide and Van Hoof, Chris and Van Helleputte, Nick},
  journal={IEEE Sensors Journal},
  volume={19},
  number={16},
  pages={6560--6570},
  year={2019},
  publisher={IEEE}
}

@article{kingma2014adam,
  title={Adam: A method for stochastic optimization},
  author={Kingma, Diederik P and Ba, Jimmy},
  journal={arXiv preprint arXiv:1412.6980},
  year={2014}
}

@article{lundberg2017unified,
  title={A unified approach to interpreting model predictions},
  author={Lundberg, Scott and Lee, Su-In},
  journal={arXiv preprint arXiv:1705.07874},
  year={2017}
}


